|0000|0|0|01012013|31122013|EMPRESA MATRIZ PARA TESTES|00000000000191||53||5300108|||0|1|
|0001|0|
|0005|EMPRESA PARA TESTES|70000000|LOGRADOURO EMPRESA||COMPLEMENTO|BAIRRO|6130000000|6130000000||
|0100|TESTE PESSOA FISICA|11111111111|666999|||||||||pf@gmail.com|0|
|0150|C1|TESTE PESSOA FISICA|01058||11111111111||5300108||LOGRADOURO PESSOA FISICA|2|COMPLEMENTO|BAIRRO|
|0190|1|UN|
|0190|3|KG|
|0200|1|PRODUTO 01 DO SUBGRUPO 01 DO GRUPO 01|7896019606226||1|00|17049010||17||17,00|
|0200|2|PRODUTO 01 DO SUBGRUPO 02 DO GRUPO 01|7897975018016||3|00|48234000||48||15,00|
|0990|9|
|C001|0|
|C990|1|
|E001|0|
|E100|31122013||
|E1101.02.03.04.05.06.07.08.09.010.011.010.010.010.0|
|E990|3|
|H001|1|
|H990|1|
|9001|1|
|9900|0000|1|
|9900|0001|1|
|9900|0005|1|
|9900|0100|1|
|9900|0150|1|
|9900|0190|2|
|9900|0200|2|
|9900|0990|1|
|9900|C001|1|
|9900|C990|1|
|9900|E001|1|
|9900|E100|1|
|9900|E110|1|
|9900|E900|1|
|9900|H001|1|
|9900|H900|1|
|9900|9001|1|
|9900|9900|19|
|9900|9990|1|
|9900|9999|1|
|9990|23|
|9999|37|
